@misc{oracle2021,
title={Database Installation Guide},
url={https://docs.oracle.com/en/database/oracle/oracle-database/19/ladbi/about-oracle-linux-and-the-unbreakable-enterprise-kernel.html#GUID-EC62F856-B9AA-4BC5-BC81-B41A5C6A24F5},
journal={Oracle Help Center},
year={2021},
month={7}
}

@misc{oraclebd2021,
title={Tecnolog√≠as de Oracle Database},
url={https://www.oracle.com/mx/database/technologies/},
journal={Oracle Help Center},
note = {[Online; Accesado en 18-Septiembre-2021]}
}

@misc{man:ssh,
  author={The Linux Programming Interface},
  title={ssh},
  url={https://www.man7.org/linux/man-pages/man1/ssh.1.html},
  month={7},
  year={2021},
  note = {[Online; Accesado en 18-Septiembre-2021]}
}

@misc{man:useradd,
  author={The Linux Programming Interface},
  title={useradd},
  url={https://man7.org/linux/man-pages/man8/useradd.8.html},
  month={7},
  year={2021},
  note = {[Online; Accesado en 18-Septiembre-2021]}
}


@misc{archwiki:domain,
   author = {ArchLinux contributors},
   title = {Domain name resolution},
   year = {2021},
   url = {https://wiki.archlinux.org/title/Domain_name_resolution},
   note = {[Online; Accesado en 05-Septiembre-2021]}
 }

@misc{archwiki:nm,
   author = {ArchLinux contributors},
   title = {NetworkManager},
   year = {2021},
   url = {https://wiki.archlinux.org/title/NetworkManager},
   note = {[Online; Accesado en 05-Septiembre-2021]}
 }

@misc{archwiki:grub,
   author = {ArchLinux contributors},
   title = {GRUB},
   year = {2021},
   url = {https://wiki.archlinux.org/title/GRUB},
   note = {[Online; Accesado en 05-Septiembre-2021]}
 }

@misc{dw,
   author = {Atea Ataroa Limited},
   title = {DistroWatch},
   year = {2021},
   url = {https://distrowatch.com/},
   note = {[Online; Accesado en 06-Septiembre-2021]}
 }

@misc{Oracle,
   author = {Oracle},
   title = {Oracle Web},
   year = {2021},
   url = {https://www.oracle.com/mx/linux/},
   note = {[Online; Accesado en 06-Septiembre-2021]}
 }
