@misc{oracle2021,
title={Database Installation Guide},
url={https://docs.oracle.com/en/database/oracle/oracle-database/19/ladbi/about-oracle-linux-and-the-unbreakable-enterprise-kernel.html#GUID-EC62F856-B9AA-4BC5-BC81-B41A5C6A24F5},
journal={Oracle Help Center},
year={2021},
month={Jul}
}

@misc{archwiki:domain,
   author = "{ArchLinux contributors}",
   title = "Domain name resolution",
   year = "2021",
   url = "https://wiki.archlinux.org/title/Domain_name_resolution",
   note = "[Online; Accesado en 05-Septiembre-2021]"
 }

@misc{archwiki:nm,
   author = "{ArchLinux contributors}",
   title = "NetworkManager",
   year = "2021",
   url = "https://wiki.archlinux.org/title/NetworkManager",
   note = "[Online; Accesado en 05-Septiembre-2021]"
 }
